@article{reiter_dale,
    title={Building applied natural language generation systems},
    volume={3},
    number={1},
    journal={Natural Language Engineering},
    publisher={Cambridge University Press},
    author={Reiter, Ehud and Dale, Robert},
    year={1997},
    pages={57–-87}
}

@article{gierlich_jonas, 
    title = {{More self-organization, more control—or even both? Inverse transparency as a digital leadership concept}}, 
    author = {Gierlich-Joas, Maren and Hess, Thomas and Neuburger, Rahild}, 
    journal = {Business Research},
    publisher={Springer},
    volume={13},
    issue={1},
    pages = {921-–947}, 
    year = {2020}
}

@report{symantec_State_of_Privacy,
    title = {State of Privacy Report 2015},
    author = {Symantec},
    url = {https://www.nortonlifelock.com/content/dam/nortonlifelock/pdfs/reports/state-of-privacy-report-en-2015.pdf},
    urldate = {2020-11-29},
    year = {2015},
    note = {Found on statista.com yet the original source link to Symantec was invalid due to symantec.com being integrated broadcom.com, access link (nortonlifelock) was found over google.com},
}

@report{Bitkom_Datenschutz,
    title = {Datenschutz im Internet - Eine repräsentative Untersuchung zum Thema Daten im Internet aus Nutzersicht},
    editors = {Rainer Arenz, Nathalie Huth, Marc Thylmann},
    author = {Bundesverband Informationswirtschaft, Telekommunikation und neue Medien e.V.},
    location = {Albrechtstraße 10 A, 10117 Berlin-Mitte},
    url = {https://www.bitkom.org/sites/default/files/file/import/BITKOM-Publikation-Datenschutz-im-Internet.pdf},
    urldate = {2020-11-29},
    year = {2011},
}

@report{BVDW_Datenschutz,
    title = {Verbraucherumfrage zum Thema Datenschutz},
    author = {Bundesverband Digitale Wirtschaft e.V.},
    location = {Schumannstraße 2, 10117 Berlin},
    url = {https://www.bvdw.org/fileadmin/user_upload/BVDW_Verbraucherumfrage_Datentransparenz.pdf},
    urldate = {2020-11-29},
    year = {2019},
}

@book{reiter_dale_2000,
    title = {Building Natural Language Generation Systems},
    author = {Reiter, Ehud and Dale, Robert},
    year = {2000},
    publisher = {Cambridge University Press},
    address = {Cambridge, UK}
}

@article{gatt_Krahmer,
    title={Survey of the State of the Art in Natural Language Generation: Core tasks, applications and evaluation},
    volume={61},
    journal={Journal of Artificial Intelligence Research},
    publisher={Association for the Advancement of Artificial Intelligence},
    author={Gatt, Albert and Krahmer, Emiel},
    year={2018},
    pages={65--170}
}

@article{mellish_scott_cahill_paiva_evans_reape_2006,
    title={A Reference Architecture for Natural Language Generation Systems},
    volume={12},
    number={1},
    journal={Natural Language Engineering},
    publisher={Cambridge University Press},
    author={Mellish, Chris and Scott, Donia and Cahill, Lynne and Paiva, Daniel and Evans, Roger and Reape, Mike},
    year={2006},
    pages={1–34}
}

@article{Zamanian_Heydari,
    title={Readability of Texts: State of the Art},
    volume={2},
    number={1},
    journal={Theory and Practice in Language Studies},
    publisher={Academy Publisher},
    author={Zamanian, Mostafa and Heydari, Pooneh},
    year={2012},
    pages={43--53}
}

@article{Graesser,
    title={Coh-Metrix: Analysis of text on cohesion and language },
    volume={36},
    number={2},
    journal={Behavior Research Methods, Instruments, & Computers},
    publisher={Springer},
    author={Graesser, Arthur and McNamara, Danielle and Louwerse, Max and Cai, Zhiqiang},
    year={2004},
    pages={193-–202}
}

@article{Fry,
 author = {Edward Fry},
 journal = {Journal of Reading},
 number = {7},
 pages = {513--578},
 publisher = {[Wiley, International Reading Association]},
 title = {A Readability Formula That Saves Time},
 volume = {11},
 year = {1968}
}

@article{Brin_1996,
 author = {David Brin},
 journal = {Wired},
 title = {The Transparent Society},
 year = {1996},
 url = {https://www.wired.com/1996/12/fftransparent/},
 urldate = {2021-02-05},
}

@book{Brin_1998,
    title = {The Transparent Society},
    author = {David Brin},
    year = {1998},
    publisher = {Perseus Books},
    address = {New York City, US}
}